<collection xmlns="http://www.loc.gov/MARC21/slim">
<record>
  <leader>01427nam0a2200265 i 450 </leader>
  <controlfield tag="001">IT\ICCU\CNCE\041539</controlfield>
  <controlfield tag="005">20160927000000.0</controlfield>
  <datafield tag="012" ind1=" " ind2=" ">
    <subfield code="a">s,u- o.64 o.he Fuqu (3) 1578 (R)</subfield>
    <subfield code="2">fei</subfield>
  </datafield>
  <datafield tag="100" ind1=" " ind2=" ">
    <subfield code="a">19981106d1578        0itac0103    ba</subfield>
  </datafield>
  <datafield tag="101" ind1=" " ind2=" ">
    <subfield code="a">LAT</subfield>
  </datafield>
  <datafield tag="102" ind1=" " ind2=" ">
    <subfield code="a">IT</subfield>
  </datafield>
  <datafield tag="200" ind1="1" ind2=" ">
    <subfield code="a">℗Hieronymi Caphari Salernitani ℗Grammatice, simul &amp; epitome. Vna cum metro, ortographia, deq; multiplici ratione variandae orationis, atq; conficiendarum epistolarum, &amp; de structura orationis carmine exametro. Cum locupletissimo indice, vocabulario, atq; nonnullis nuper adiectis</subfield>
  </datafield>
  <datafield tag="210" ind1=" " ind2=" ">
    <subfield code="a">Romae</subfield>
    <subfield code="c">in aedibus Populi romani</subfield>
    <subfield code="d">1578</subfield>
  </datafield>
  <datafield tag="215" ind1=" " ind2=" ">
    <subfield code="a">\16!, 216 c.</subfield>
    <subfield code="d">4ʻ</subfield>
  </datafield>
  <datafield tag="620" ind1=" " ind2=" ">
    <subfield code="a">IT</subfield>
    <subfield code="d">Roma</subfield>
  </datafield>
  <datafield tag="700" ind1=" " ind2="1">
    <subfield code="a">Cafaro,</subfield>
    <subfield code="b">Girolamo</subfield>
    <subfield code="3">IT\ICCU\CNCA\002332</subfield>
  </datafield>
  <datafield tag="712" ind1="0" ind2="2">
    <subfield code="a">Stamperia del Popolo Romano</subfield>
    <subfield code="3">IT\ICCU\CNCT\000370</subfield>
    <subfield code="4">650</subfield>
  </datafield>
  <datafield tag="790" ind1=" " ind2="1">
    <subfield code="a">Capharus,</subfield>
    <subfield code="b">Hieronymus</subfield>
    <subfield code="3">IT\ICCU\CNCA\012960</subfield>
    <subfield code="z">Cafaro, Girolamo</subfield>
  </datafield>
  <datafield tag="791" ind1="0" ind2="2">
    <subfield code="a">℗nelle case del ℗Popolo Romano</subfield>
    <subfield code="3">IT\ICCU\CNCT\003154</subfield>
    <subfield code="z">Stamperia del Popolo Romano</subfield>
  </datafield>
  <datafield tag="791" ind1="0" ind2="2">
    <subfield code="a">℗in aedibus ℗Populi Romani</subfield>
    <subfield code="3">IT\ICCU\CNCT\004104</subfield>
    <subfield code="z">Stamperia del Popolo Romano</subfield>
  </datafield>
  <datafield tag="801" ind1=" " ind2="3">
    <subfield code="a">IT</subfield>
    <subfield code="b">ICCU</subfield>
    <subfield code="c">20201114</subfield>
  </datafield>
  <datafield tag="899" ind1=" " ind2=" ">
    <subfield code="a">Biblioteca comunale. Montalcino</subfield>
    <subfield code="1">SI0023</subfield>
    <subfield code="2">RT1 QO</subfield>
  </datafield>
  <datafield tag="899" ind1=" " ind2=" ">
    <subfield code="a">Biblioteca diocesana. Viterbo</subfield>
    <subfield code="1">VT0125</subfield>
    <subfield code="2">PBE 68</subfield>
  </datafield>
  <datafield tag="911" ind1=" " ind2=" ">
    <subfield code="a">Sul front.</subfield>
    <subfield code="9">IT\ICCU\CNCM\001398</subfield>
  </datafield>
  <datafield tag="921" ind1=" " ind2=" ">
    <subfield code="a">IT\ICCU\CNCM\001398</subfield>
    <subfield code="b">Stemma di Roma con iniziali S.P.Q.R., sormontato da corona. Ai lati S. Pietro e S. Paolo</subfield>
    <subfield code="c">U342</subfield>
    <subfield code="d">Dimensioni: 3,8 x 4,6</subfield>
    <subfield code="f">SCUDO</subfield>
    <subfield code="f">SPQR</subfield>
    <subfield code="g">1570-1588</subfield>
  </datafield>
</record>
</collection>
